@article{keefe1990developing,
  title={Developing a defensible learning style paradigm},
  author={Keefe, James W and Ferrell, Barbara G},
  journal={Educational Leadership},
  volume={48},
  number={2},
  pages={57--61},
  year={1990}
}

@article{kayes2005experiential,
  title={Experiential learning in teams},
  author={Kayes, Anna B and Kayes, D Christopher and Kolb, David A},
  journal={Simulation \& Gaming},
  volume={36},
  number={3},
  pages={330--354},
  year={2005},
  publisher={Sage Publications}
}

@article{kolb1984experiential,
  title={Experiential learning: Experience as the source of learning and development},
  author={Kolb, David A},
  year={1984},
  publisher={Prentice Hall.}
}

@article{fleming2001teaching,
  title={Teaching and learning styles: VARK strategies},
  author={Fleming, Neil D},
  year={2001},
  publisher={Neil Fleming}
}

@article{fleming2006learning,
  title={Learning Styles Again: VARKing up the right tree!},
  author={Fleming, Neil and Baume, David},
  journal={Educational Developments},
  volume={7},
  number={4},
  pages={4},
  year={2006},
  publisher={SEDA}
}
