@article{keefe1990developing,
  title={Developing a defensible learning style paradigm},
  author={Keefe, JAMES W and Ferrell, BARBARA G},
  journal={Educational Leadership},
  volume={48},
  number={2},
  pages={57--61},
  year={1990}
}
